<record><leader>00000cas a22000007a 4500</leader><controlfield tag="001">11177268</controlfield><controlfield tag="008">840920d18341837inuwr ne      0    0eng d</controlfield><controlfield tag="009">3768</controlfield><datafield ind1=" " ind2=" " tag="010"><subfield code="a">sn 84038021 </subfield></datafield><datafield ind1=" " ind2=" " tag="040"><subfield code="a">NPX</subfield><subfield code="b">eng</subfield><subfield code="c">NPX</subfield><subfield code="d">NPI</subfield><subfield code="d">NPH</subfield></datafield><datafield ind1="1" ind2=" " tag="029"><subfield code="a">AU@</subfield><subfield code="b">000025817810</subfield></datafield><datafield ind1=" " ind2=" " tag="042"><subfield code="a">msc</subfield></datafield><datafield ind1="0" ind2="4" tag="245"><subfield code="a">The Rising Sun times.</subfield></datafield><datafield ind1=" " ind2=" " tag="260"><subfield code="a">Rising Sun, Ind. :</subfield><subfield code="b">Alex. E. Glenn,</subfield><subfield code="c">1834-1837.</subfield></datafield><datafield ind1=" " ind2=" " tag="300"><subfield code="a">v. :</subfield><subfield code="b">ill. (chiefly advertisements) ;</subfield><subfield code="c">51 cm.</subfield></datafield><datafield ind1=" " ind2=" " tag="310"><subfield code="a">Weekly</subfield></datafield><datafield ind1="0" ind2=" " tag="362"><subfield code="a">Vol. 1, no. 27 (May 17, 1834)-v. 4, no. 169 (Feb. 11, 1837).</subfield></datafield><datafield ind1=" " ind2=" " tag="500"><subfield code="a">Subtitle: May 1834-Feb. 1836, "Pledged to no party's arbitrary sway, we'll follow truth where'er it leads the way;" Feb. 1836-Feb. 1837, "I wish no other herald, no other speaker of my living actions, to keep my honor from corruption."</subfield></datafield><datafield ind1=" " ind2=" " tag="500"><subfield code="a">Editor: A.E. Glenn, &lt;1835&gt;.</subfield></datafield><datafield ind1=" " ind2=" " tag="515"><subfield code="a">Volume numbers change annually, while issue numbers continue consecutively from those begun by "The Rising Sun."</subfield></datafield><datafield ind1=" " ind2=" " tag="500"><subfield code="a">Publishers: May 1834-Dec. 1834, Stevens &amp; Glenn; Dec. 1834-Feb. 1837, Alex. E. Glenn.</subfield></datafield><datafield ind1=" " ind2=" " tag="500"><subfield code="a">Until March 1, 1844, Ohio County was part of Dearborn County.</subfield></datafield><datafield ind1=" " ind2=" " tag="752"><subfield code="a">United States</subfield><subfield code="b">Indiana</subfield><subfield code="c">Dearborn</subfield><subfield code="d">Rising Sun.</subfield></datafield><datafield ind1="0" ind2="0" tag="780"><subfield code="t">Rising sun (Rising Sun, Ind.)</subfield><subfield code="w">(DLC)sn 85047708</subfield></datafield><datafield ind1="0" ind2="0" tag="785"><subfield code="t">Rising Sun times and farmers' journal</subfield><subfield code="w">(DLC)sn 85047709</subfield></datafield></record>